@Article{Sherman_2019,
  author       = {Sherman, Elena and Harris, Andrew},
  title        = {Accurate String Constraints Solution Counting with Weighted
                  Automata},
  year         = 2019,
  month        = {Nov},
  doi          = {10.1109/ase.2019.00049},
  url          = {http://dx.doi.org/10.1109/ASE.2019.00049},
  isbn         = 9781728125084,
  journal      = {2019 34th IEEE/ACM International Conference on Automated
                  Software Engineering (ASE)},
  publisher    = {IEEE}
}
@InProceedings{strings2003,
  author =       {Aske Simon Christensen and Anders M\o{}ller and Michael I. Schwartzbach},
  title =        {Precise Analysis of String Expressions},
  booktitle =    {Proc. 10th International Static Analysis Symposium (SAS)},
  year =         {2003},
  month =        {June},
  volume =       {2694},
  series =       {LNCS},
  publisher =    {Springer-Verlag},
  pages =        {1--18},
  note =         {Available from \texttt{\small http://www.brics.dk/JSA/}},
}
@Manual{jsamanual2009,
  author =       {Asger Feldthaus and Anders M{\o}ller},
  title =        {The Big Manual for the {J}ava {S}tring {A}nalyzer},
  organization = {Department of Computer Science, Aarhus University},
  month =        {November},
  year =         {2009},
  note =         {Available from \texttt{\small http://www.brics.dk/JSA/}}
}
